@misc { java,
organization = "Oracle",
title = "Java Documentation",
howpublished = "\url{https://docs.oracle.com/en/java/}",
note = "[Acceso online; \today]",
}

@misc { oracle,
    title = "SQL Oracle Documentation",
    organization = "Oracle",
    howpublished = "\url{https://docs.oracle.com/cd/B19306_01/server.102/b14200/toc.htm}"
}

@book { book,
    author = "David Pacios Izquierdo",
    title = "BaSiX: Latex b√°sico con ejercicios",
    publisher = "",
    year = 2018,
    isbn = {1728989795}
}
