@misc{java,
  organization = {Oracle},
  title        = {Java Documentation},
  howpublished = {\url{https://docs.oracle.com/en/java/}}
}

@misc{oracle,
  title        = {SQL Oracle Documentation},
  organization = {Oracle},
  howpublished = {\url{https://docs.oracle.com/cd/B19306_01/server.102/b14200/toc.htm}}
}

@misc{prot_datos,
  author       = {Gobierno de España},
  title        = {Ley Orgánica 3/2018, de 5 de diciembre, de Protección de Datos Personales y garantía de los derechos digitales},
  howpublished = {\url{https://www.boe.es/eli/es/lo/2018/12/05/3/con}},
  year         = {2018}
}
